@book{Bronštejn_Semendjaev_1984, 
    place={[Ljubljana]}, 
    edition={8.}, 
    title={Matematični priročnik: za inženirje in slušatelje tehniških visokih šol}, 
    publisher={Tehniška založba Slovenije}, 
    author={Bronštejn, Ilja Nikolaevič and Semendjaev, Konstantin Adolfovič}, 
    year={1984}, 
    pages={699} 
}