@article{XIYUN2013183,
    title = {Free Return Trajectories in Lunar Missions},
    journal = {Chinese Astronomy and Astrophysics},
    volume = {37},
    number = {2},
    pages = {183-194},
    year = {2013},
    issn = {0275-1062},
    doi = {https://doi.org/10.1016/j.chinastron.2013.04.007},
    url = {https://www.sciencedirect.com/science/article/pii/S0275106213000362},
    author = {Hou Xi-yun and Zhao Yu-hui and Liu Lin}
}